Untuk setiap referensi, baris pertama (newton1687) merupakan label dan baris-baris berikutnya
merupakan atribut dari referensi yang akan digunakan. Umumnya, format referensi berikut sudah
disediakan oleh penyedia sumber referensi secara online dan bisa langsung ditaruh di sini.

Lihat https://www.bibtex.com/g/bibtex-format/ untuk informasi lebih lanjut mengenai format
BibTex yang digunakan pada file ini.

@article{newton1687,
  author  = {Isaac Newton},
  journal = {Philosophiæ Naturalis Principia Mathematica},
  title   = {Axioms or Laws of Motion},
  year    = {1687}
}

@misc{roketluarangkasa,
  title   = {Roket Luar Angkasa Discovery},
  year    = 2021,
  url     = {https://airandspace.si.edu/explore-and-learn/topics/discovery/about.cfm},
  urldate = {2021-02-03}}

/ WordSegg 1
@article{ryu2015word,
  title={Word segmentation method for handwritten documents based on structured learning},
  author={Ryu, Jewoong and Koo, Hyung Il and Cho, Nam Ik},
  journal={IEEE Signal Processing Letters},
  volume={22},
  number={8},
  pages={1161--1165},
  year={2015},
  publisher={IEEE}
}

// ImageMatch 2
@inproceedings{ImageMalu2001approachtch,
  title={An approach to word image matching based on weighted Hausdorff distance},
  author={Lu, Yue and Tan, Chew Lim and Huang, Weihua and Fan, Liying},
  booktitle={Proceedings of Sixth International Conference on Document Analysis and Recognition},
  pages={921--925},
  year={2001},
  organization={IEEE}
}

// SmartWB 3
@inproceedings{kellerman2018smart,
  title={Smart whiteboard for interactive learning},
  author={Kellerman, Andre and Gurusinghe, Nicoloy and Ariyarathna, Thilanga and Gouws, Rupert},
  booktitle={2018 IEEE International Conference on Industrial Electronics for Sustainable Energy Systems (IESES)},
  pages={515--520},
  year={2018},
  organization={IEEE}
}

// PixelBased 4
@inproceedings{arun2019handwritten,
  title={Handwritten Text Segmentation Using Pixel Based Approach},
  author={Arun, M and Arivazhagan, S and Rathina, D},
  booktitle={2019 3rd International Conference on Trends in Electronics and Informatics (ICOEI)},
  pages={791--796},
  year={2019},
  organization={IEEE}
}

// Makanan 5
@article{karlina2020pengenalan,
  title={Pengenalan Objek Makanan Cepat Saji Pada Video Dan Real Time Webcam Menggunakan Metode You Look Only Once (Yolo)},
  author={Karlina, Oktaviani Ella and Indarti, Dina},
  journal={Jurnal Ilmiah Informatika Komputer},
  volume={24},
  number={3},
  pages={199--208},
  year={2020}
}

// 6
@online{towardsDS,
  author  = {Saha, Sumit},
  title   = {A Comprehensive Guide to Convolutional Neural Networks — the ELI5 way},
  year    = {2021},
  url     = {https://towardsdatascience.com/a-comprehensive-guide-to-convolutional-neural-networks-the-eli5-way-3bd2b1164a53},
  urldate = {17- October- 2021}
}

// YOLOEff 7
@inproceedings{jeong2018image,
  title={Image preprocessing for efficient training of YOLO deep learning networks},
  author={Jeong, Hyeok-June and Park, Kyeong-Sik and Ha, Young-Guk},
  booktitle={2018 IEEE International Conference on Big Data and Smart Computing (BigComp)},
  pages={635--637},
  year={2018},
  organization={IEEE}
}

@phdthesis{putra2016klasifikasi,
  title={Klasifikasi citra menggunakan convolutional neural network (CNN) pada caltech 101},
  author={Putra, IWSE},
  year={2016},
  school={Institut Teknologi Sepuluh Nopember}
}

@article{voulodimos2018deep,
  title={Deep learning for computer vision: A brief review},
  author={Voulodimos, Athanasios and Doulamis, Nikolaos and Doulamis, Anastasios and Protopapadakis, Eftychios},
  journal={Computational intelligence and neuroscience},
  volume={2018},
  year={2018},
  publisher={Hindawi}
}

@incollection{ahmad2019deep,
  title={Deep learning methods and applications},
  author={Ahmad, Jamil and Farman, Haleem and Jan, Zahoor},
  booktitle={Deep learning: convergence to big data analytics},
  pages={31--42},
  year={2019},
  publisher={Springer}
}

@book{tyagi2018understanding,
  title={Understanding digital image processing},
  author={Tyagi, Vipin},
  year={2018},
  publisher={CRC Press}
}

@book{ruben2006communication,
  title={Communication and Human Behavior},
  author={Ruben, B.D. and Stewart, L.},
  isbn={9780205417902},
  lccn={2004063375},
  url={https://books.google.co.id/books?id=PEVLPgAACAAJ},
  year={2006},
  publisher={Pearson/Allyn \& Bacon}
}